<record><leader>00000cas a22000007a 4500</leader><controlfield tag="001">18657572</controlfield><controlfield tag="008">881022d18951896aluwr ne      0    0eng d</controlfield><datafield ind1=" " ind2=" " tag="010"><subfield code="a">sn 88050203 </subfield></datafield><datafield ind1=" " ind2=" " tag="040"><subfield code="a">CPN</subfield><subfield code="b">eng</subfield><subfield code="c">CPN</subfield><subfield code="d">OCLCQ</subfield></datafield><datafield ind1=" " ind2=" " tag="042"><subfield code="a">msc</subfield></datafield><datafield ind1="0" ind2=" " tag="130"><subfield code="a">Banner (Scottsboro, Ala.)</subfield></datafield><datafield ind1="1" ind2="4" tag="245"><subfield code="a">The Banner.</subfield></datafield><datafield ind1=" " ind2=" " tag="260"><subfield code="a">Scottsboro, Ala. :</subfield><subfield code="b">[s.n.]</subfield></datafield><datafield ind1=" " ind2=" " tag="300"><subfield code="a">v.</subfield></datafield><datafield ind1=" " ind2=" " tag="310"><subfield code="a">Weekly</subfield></datafield><datafield ind1="0" ind2=" " tag="362"><subfield code="a">-v. 1, no. 25 (Mar. 26, 1896).</subfield></datafield><datafield ind1=" " ind2=" " tag="500"><subfield code="a">Editor: F.F. Conway.</subfield></datafield><datafield ind1=" " ind2=" " tag="588"><subfield code="a">Description based on: Vol. 1, no. 13 (Jan. 2, 1890).</subfield></datafield><datafield ind1=" " ind2=" " tag="752"><subfield code="a">United States</subfield><subfield code="b">Alabama</subfield><subfield code="c">Jackson</subfield><subfield code="d">Scottsboro.</subfield></datafield><datafield ind1="0" ind2="4" tag="785"><subfield code="t">Bridgeport news (Bridgeport, Ala.)</subfield><subfield code="w">(DLC)sn 87050005</subfield></datafield><datafield ind1="1" ind2=" " tag="029"><subfield code="a">AU@</subfield><subfield code="b">000025803735</subfield></datafield></record>